@article{DBLP:journals/corr/NiepertAK16,
  author    = {Mathias Niepert and
			   Mohamed Ahmed and
			   Konstantin Kutzkov},
  title     = {Learning Convolutional Neural Networks for Graphs},
  journal   = {CoRR},
  volume    = {abs/1605.05273},
  year      = {2016},
  url       = {http://arxiv.org/abs/1605.05273},
  timestamp = {Wed, 07 Jun 2017 14:40:09 +0200},
  biburl    = {http://dblp.uni-trier.de/rec/bib/journals/corr/NiepertAK16},
  bibsource = {dblp computer science bibliography, http://dblp.org}
}

@article{DBLP:journals/corr/BrunaZSL13,
  author    = {Joan Bruna and
			   Wojciech Zaremba and
			   Arthur Szlam and
			   Yann LeCun},
  title     = {Spectral Networks and Locally Connected Networks on Graphs},
  journal   = {CoRR},
  volume    = {abs/1312.6203},
  year      = {2013},
  url       = {http://arxiv.org/abs/1312.6203},
  timestamp = {Wed, 07 Jun 2017 14:42:35 +0200},
  biburl    = {http://dblp.uni-trier.de/rec/bib/journals/corr/BrunaZSL13},
  bibsource = {dblp computer science bibliography, http://dblp.org}
}

@article{DBLP:journals/corr/DefferrardBV16,
  author    = {Micha{\"{e}}l Defferrard and
			   Xavier Bresson and
			   Pierre Vandergheynst},
  title     = {Convolutional Neural Networks on Graphs with Fast Localized Spectral
			   Filtering},
  journal   = {CoRR},
  volume    = {abs/1606.09375},
  year      = {2016},
  url       = {http://arxiv.org/abs/1606.09375},
  timestamp = {Wed, 07 Jun 2017 14:42:29 +0200},
  biburl    = {http://dblp.uni-trier.de/rec/bib/journals/corr/DefferrardBV16},
  bibsource = {dblp computer science bibliography, http://dblp.org}
}

@article{DBLP:journals/corr/KipfW16,
  author    = {Thomas N. Kipf and
			   Max Welling},
  title     = {Semi-Supervised Classification with Graph Convolutional Networks},
  journal   = {CoRR},
  volume    = {abs/1609.02907},
  year      = {2016},
  url       = {http://arxiv.org/abs/1609.02907},
  timestamp = {Wed, 07 Jun 2017 14:41:59 +0200},
  biburl    = {http://dblp.uni-trier.de/rec/bib/journals/corr/KipfW16},
  bibsource = {dblp computer science bibliography, http://dblp.org}
}