@INPROCEEDINGS{5539868,
author={A. Joulin and F. Bach and J. Ponce},
booktitle={2010 IEEE Computer Society Conference on Computer Vision and Pattern Recognition},
title={Discriminative clustering for image co-segmentation},
year={2010},
pages={1943-1950},
keywords={combinatorial mathematics;computer vision;image segmentation;object recognition;optimisation;pattern classification;pattern clustering;background labels;bottom-up image segmentation;combinatorial optimization problem;computer vision;continuous convex optimization problem;discriminative clustering framework;foreground labels;image cosegmentation;kernel methods;object recognition;supervised classifier;unsupervised segmentation;Computer vision;Image segmentation;Kernel;Object recognition},
doi={10.1109/CVPR.2010.5539868},
ISSN={1063-6919},
month={June},}

@INPROCEEDINGS{7025663,
author={K. R. Jerripothula and J. Cai and F. Meng and J. Yuan},
booktitle={2014 IEEE International Conference on Image Processing (ICIP)},
title={Automatic image co-segmentation using geometric mean saliency},
year={2014},
pages={3277-3281},
keywords={computational geometry;image segmentation;GMS method;automatic image cosegmentation;colabelling multiple image complex process;geometric mean saliency;global saliency maps;single-image saliency maps;warping technique;Computer vision;Computers;Conferences;Educational institutions;Histograms;Image segmentation;Pattern recognition;co-segmentation;image segmentation;saliency;warping},
doi={10.1109/ICIP.2014.7025663},
ISSN={1522-4880},
month={Oct},}

@article{SHU201639,
title = "Unsupervised 3D shape segmentation and co-segmentation via deep learning",
journal = "Computer Aided Geometric Design",
volume = "43",
number = "",
pages = "39 - 52",
year = "2016",
note = "Geometric Modeling and Processing 2016",
issn = "0167-8396",
doi = "http://dx.doi.org/10.1016/j.cagd.2016.02.015",
url = "http://www.sciencedirect.com/science/article/pii/S0167839616300164",
author = "Zhenyu Shu and Chengwu Qi and Shiqing Xin and Chao Hu and Li Wang and Yu Zhang and Ligang Liu",
keywords = "3D shapes",
keywords = "Segmentation",
keywords = "Co-segmentation",
keywords = "Deep learning",
keywords = "High-level features"
}